@book{Veda,
title = {Atharva Veda},
author = {Several Hindu Brahmins from the Vedic Age},
year = {1200 BC},
}

@book{commentary,
title={Atharva-Veda Samhita},
author={William Dwight Whitney},
year={1905},
}
